[{"date": "2025-11-02", "symbol": "AVGO", "reportedCurrency": "USD", "cik": "0001730168", "fillingDate": "2025-12-18", "acceptedDate": "2025-12-18 16:04:47", "calendarYear": "2025", "period": "Q4", "revenue": 18015000000, "costOfRevenue": 5766000000, "grossProfit": 12249000000, "grossProfitRatio": 0.6799333888, "researchAndDevelopmentExpenses": 2981000000, "generalAndAdministrativeExpenses": 0, "sellingAndMarketingExpenses": 0, "sellingGeneralAndAdministrativeExpenses": 1107000000, "otherExpenses": 653000000, "operatingExpenses": 4741000000, "costAndExpenses": 10507000000, "interestIncome": 0, "interestExpense": 761000000, "depreciationAndAmortization": 2233000000, "ebitda": 9863000000, "ebitdaratio": 0.5474882043, "operatingIncome": 7508000000, "operatingIncomeRatio": 0.4167638079, "totalOtherIncomeExpensesNet": -639000000, "incomeBeforeTax": 6869000000, "incomeBeforeTaxRatio": 0.3812933666, "incomeTaxExpense": -1649000000, "netIncome": 8518000000, "netIncomeRatio": 0.4728281987, "eps": 1.8, "epsdiluted": 1.74, "weightedAverageShsOut": 4732000000, "weightedAverageShsOutDil": 4889000000, "link": "https://www.sec.gov/Archives/edgar/data/1730168/000173016825000121/0001730168-25-000121-index.htm", "finalLink": "https://www.sec.gov/Archives/edgar/data/1730168/000173016825000121/avgo-20251102.htm"}, {"date": "2025-08-03", "symbol": "AVGO", "reportedCurrency": "USD", "cik": "0001730168", "fillingDate": "2025-09-10", "acceptedDate": "2025-09-10 16:00:41", "calendarYear": "2025", "period": "Q3", "revenue": 15952000000, "costOfRevenue": 5249000000, "grossProfit": 10703000000, "grossProfitRatio": 0.6709503511, "researchAndDevelopmentExpenses": 3050000000, "generalAndAdministrativeExpenses": 0, "sellingAndMarketingExpenses": 0, "sellingGeneralAndAdministrativeExpenses": 1072000000, "otherExpenses": 694000000, "operatingExpenses": 4816000000, "costAndExpenses": 10065000000, "interestIncome": 0, "interestExpense": 754000000, "depreciationAndAmortization": 2202000000, "ebitda": 8028000000, "ebitdaratio": 0.5032597793, "operatingIncome": 5887000000, "operatingIncomeRatio": 0.3690446339, "totalOtherIncomeExpensesNet": -602000000, "incomeBeforeTax": 5285000000, "incomeBeforeTaxRatio": 0.3313064193, "incomeTaxExpense": 1145000000, "netIncome": 4140000000, "netIncomeRatio": 0.2595285858, "eps": 0.88, "epsdiluted": 0.85, "weightedAverageShsOut": 4714000000, "weightedAverageShsOutDil": 4860000000, "link": "https://www.sec.gov/Archives/edgar/data/1730168/000173016825000098/0001730168-25-000098-index.htm", "finalLink": "https://www.sec.gov/Archives/edgar/data/1730168/000173016825000098/avgo-20250803.htm"}, {"date": "2025-05-04", "symbol": "AVGO", "reportedCurrency": "USD", "cik": "0001730168", "fillingDate": "2025-06-11", "acceptedDate": "2025-06-11 16:08:32", "calendarYear": "2025", "period": "Q2", "revenue": 15004000000, "costOfRevenue": 4807000000, "grossProfit": 10197000000, "grossProfitRatio": 0.6796187683, "researchAndDevelopmentExpenses": 2693000000, "generalAndAdministrativeExpenses": 1083000000, "sellingAndMarketingExpenses": 0, "sellingGeneralAndAdministrativeExpenses": 1083000000, "otherExpenses": 592000000, "operatingExpenses": 4368000000, "costAndExpenses": 9175000000, "interestIncome": 0, "interestExpense": 769000000, "depreciationAndAmortization": 4340000000, "ebitda": 10194000000, "ebitdaratio": 0.6794188216, "operatingIncome": 5829000000, "operatingIncomeRatio": 0.388496401, "totalOtherIncomeExpensesNet": -744000000, "incomeBeforeTax": 5085000000, "incomeBeforeTaxRatio": 0.3389096241, "incomeTaxExpense": 120000000, "netIncome": 4965000000, "netIncomeRatio": 0.3309117569, "eps": 1.05, "epsdiluted": 1.03, "weightedAverageShsOut": 4707000000, "weightedAverageShsOutDil": 4826000000, "link": "https://www.sec.gov/Archives/edgar/data/1730168/000173016825000064/0001730168-25-000064-index.htm", "finalLink": "https://www.sec.gov/Archives/edgar/data/1730168/000173016825000064/avgo-20250504.htm"}, {"date": "2025-02-02", "symbol": "AVGO", "reportedCurrency": "USD", "cik": "0001730168", "fillingDate": "2025-03-12", "acceptedDate": "2025-03-12 16:38:04", "calendarYear": "2025", "period": "Q1", "revenue": 14916000000, "costOfRevenue": 4771000000, "grossProfit": 10145000000, "grossProfitRatio": 0.6801421293, "researchAndDevelopmentExpenses": 2253000000, "generalAndAdministrativeExpenses": 949000000, "sellingAndMarketingExpenses": 0, "sellingGeneralAndAdministrativeExpenses": 949000000, "otherExpenses": 683000000, "operatingExpenses": 3885000000, "costAndExpenses": 8656000000, "interestIncome": 0, "interestExpense": 873000000, "depreciationAndAmortization": -103000000, "ebitda": 6260000000, "ebitdaratio": 0.4196835613, "operatingIncome": 6260000000, "operatingIncomeRatio": 0.4196835613, "totalOtherIncomeExpensesNet": -770000000, "incomeBeforeTax": 5490000000, "incomeBeforeTaxRatio": 0.3680611424, "incomeTaxExpense": -13000000, "netIncome": 5503000000, "netIncomeRatio": 0.3689326897, "eps": 1.17, "epsdiluted": 1.14, "weightedAverageShsOut": 4695000000, "weightedAverageShsOutDil": 4836000000, "link": "https://www.sec.gov/Archives/edgar/data/1730168/000173016825000021/0001730168-25-000021-index.htm", "finalLink": "https://www.sec.gov/Archives/edgar/data/1730168/000173016825000021/avgo-20250202.htm"}, {"date": "2024-11-03", "symbol": "AVGO", "reportedCurrency": "USD", "cik": "0001730168", "fillingDate": "2024-12-20", "acceptedDate": "2024-12-20 17:26:46", "calendarYear": "2024", "period": "Q4", "revenue": 14054000000, "costOfRevenue": 5052000000, "grossProfit": 9002000000, "grossProfitRatio": 0.6405293867, "researchAndDevelopmentExpenses": 2234000000, "generalAndAdministrativeExpenses": 1010000000, "sellingAndMarketingExpenses": 0, "sellingGeneralAndAdministrativeExpenses": 1010000000, "otherExpenses": 1131000000, "operatingExpenses": 4375000000, "costAndExpenses": 9427000000, "interestIncome": 0, "interestExpense": 864000000, "depreciationAndAmortization": 2611000000, "ebitda": 7290000000, "ebitdaratio": 0.5187135335, "operatingIncome": 4627000000, "operatingIncomeRatio": 0.3292301124, "totalOtherIncomeExpensesNet": -864000000, "incomeBeforeTax": 3763000000, "incomeBeforeTaxRatio": 0.2677529529, "incomeTaxExpense": -442000000, "netIncome": 4324000000, "netIncomeRatio": 0.3076704141, "eps": 0.92, "epsdiluted": 0.9, "weightedAverageShsOut": 4679000000, "weightedAverageShsOutDil": 4828000000, "link": "https://www.sec.gov/Archives/edgar/data/1730168/000173016824000139/0001730168-24-000139-index.htm", "finalLink": "https://www.sec.gov/Archives/edgar/data/1730168/000173016824000139/avgo-20241103.htm"}, {"date": "2024-08-04", "symbol": "AVGO", "reportedCurrency": "USD", "cik": "0001730168", "fillingDate": "2024-09-11", "acceptedDate": "2024-09-11 16:37:29", "calendarYear": "2024", "period": "Q3", "revenue": 13072000000, "costOfRevenue": 4716000000, "grossProfit": 8356000000, "grossProfitRatio": 0.6392288862, "researchAndDevelopmentExpenses": 2353000000, "generalAndAdministrativeExpenses": 1100000000, "sellingAndMarketingExpenses": 0, "sellingGeneralAndAdministrativeExpenses": 1100000000, "otherExpenses": 1115000000, "operatingExpenses": 4568000000, "costAndExpenses": 9284000000, "interestIncome": 0, "interestExpense": 1064000000, "depreciationAndAmortization": 2524000000, "ebitda": 6394000000, "ebitdaratio": 0.4891370869, "operatingIncome": 3788000000, "operatingIncomeRatio": 0.2897796818, "totalOtherIncomeExpensesNet": -982000000, "incomeBeforeTax": 2806000000, "incomeBeforeTaxRatio": 0.2146572827, "incomeTaxExpense": 4238000000, "netIncome": -1875000000, "netIncomeRatio": -0.1434363525, "eps": -0.4, "epsdiluted": -0.4, "weightedAverageShsOut": 4663000000, "weightedAverageShsOutDil": 4663000000, "link": "https://www.sec.gov/Archives/edgar/data/1730168/000173016824000099/0001730168-24-000099-index.htm", "finalLink": "https://www.sec.gov/Archives/edgar/data/1730168/000173016824000099/avgo-20240804.htm"}, {"date": "2024-05-05", "symbol": "AVGO", "reportedCurrency": "USD", "cik": "0001730168", "fillingDate": "2024-06-13", "acceptedDate": "2024-06-12 20:14:25", "calendarYear": "2024", "period": "Q2", "revenue": 12487000000, "costOfRevenue": 4711000000, "grossProfit": 7776000000, "grossProfitRatio": 0.6227276367, "researchAndDevelopmentExpenses": 2415000000, "generalAndAdministrativeExpenses": 1277000000, "sellingAndMarketingExpenses": 0, "sellingGeneralAndAdministrativeExpenses": 1277000000, "otherExpenses": 1119000000, "operatingExpenses": 4811000000, "costAndExpenses": 9522000000, "interestIncome": 0, "interestExpense": 1047000000, "depreciationAndAmortization": 2530000000, "ebitda": 5582000000, "ebitdaratio": 0.4470249059, "operatingIncome": 2965000000, "operatingIncomeRatio": 0.2374469448, "totalOtherIncomeExpensesNet": -960000000, "incomeBeforeTax": 2005000000, "incomeBeforeTaxRatio": 0.1605669897, "incomeTaxExpense": -116000000, "netIncome": 2121000000, "netIncomeRatio": 0.1698566509, "eps": 0.46, "epsdiluted": 0.44, "weightedAverageShsOut": 4650000000, "weightedAverageShsOutDil": 4800000000, "link": "https://www.sec.gov/Archives/edgar/data/1730168/000173016824000080/0001730168-24-000080-index.htm", "finalLink": "https://www.sec.gov/Archives/edgar/data/1730168/000173016824000080/avgo-20240505.htm"}, {"date": "2024-02-04", "symbol": "AVGO", "reportedCurrency": "USD", "cik": "0001730168", "fillingDate": "2024-03-14", "acceptedDate": "2024-03-14 16:59:58", "calendarYear": "2024", "period": "Q1", "revenue": 11961000000, "costOfRevenue": 4586000000, "grossProfit": 7375000000, "grossProfitRatio": 0.6165872419, "researchAndDevelopmentExpenses": 2308000000, "generalAndAdministrativeExpenses": 1572000000, "sellingAndMarketingExpenses": 0, "sellingGeneralAndAdministrativeExpenses": 1572000000, "otherExpenses": 1412000000, "operatingExpenses": 5292000000, "costAndExpenses": 9878000000, "interestIncome": 0, "interestExpense": 926000000, "depreciationAndAmortization": 2345000000, "ebitda": 4613000000, "ebitdaratio": 0.3856700945, "operatingIncome": 2083000000, "operatingIncomeRatio": 0.1741493186, "totalOtherIncomeExpensesNet": -741000000, "incomeBeforeTax": 1342000000, "incomeBeforeTaxRatio": 0.1121979768, "incomeTaxExpense": 68000000, "netIncome": 1325000000, "netIncomeRatio": 0.1107766909, "eps": 0.29, "epsdiluted": 0.28, "weightedAverageShsOut": 4520000000, "weightedAverageShsOutDil": 4670000000, "link": "https://www.sec.gov/Archives/edgar/data/1730168/000173016824000023/0001730168-24-000023-index.htm", "finalLink": "https://www.sec.gov/Archives/edgar/data/1730168/000173016824000023/avgo-20240204.htm"}, {"date": "2023-10-29", "symbol": "AVGO", "reportedCurrency": "USD", "cik": "0001730168", "fillingDate": "2023-12-14", "acceptedDate": "2023-12-14 16:54:05", "calendarYear": "2023", "period": "Q4", "revenue": 9295000000, "costOfRevenue": 2888000000, "grossProfit": 6407000000, "grossProfitRatio": 0.6892953201, "researchAndDevelopmentExpenses": 1388000000, "generalAndAdministrativeExpenses": 418000000, "sellingAndMarketingExpenses": 0, "sellingGeneralAndAdministrativeExpenses": 418000000, "otherExpenses": 348000000, "operatingExpenses": 2154000000, "costAndExpenses": 5042000000, "interestIncome": 0, "interestExpense": 405000000, "depreciationAndAmortization": 932000000, "ebitda": 5304000000, "ebitdaratio": 0.5706293706, "operatingIncome": 4240000000, "operatingIncomeRatio": 0.4561592254, "totalOtherIncomeExpensesNet": -273000000, "incomeBeforeTax": 3967000000, "incomeBeforeTaxRatio": 0.426788596, "incomeTaxExpense": 443000000, "netIncome": 3524000000, "netIncomeRatio": 0.3791285637, "eps": 0.85, "epsdiluted": 0.83, "weightedAverageShsOut": 4130000000, "weightedAverageShsOutDil": 4270000000, "link": "https://www.sec.gov/Archives/edgar/data/1730168/000173016823000096/0001730168-23-000096-index.htm", "finalLink": "https://www.sec.gov/Archives/edgar/data/1730168/000173016823000096/avgo-20231029.htm"}, {"date": "2023-07-30", "symbol": "AVGO", "reportedCurrency": "USD", "cik": "0001730168", "fillingDate": "2023-09-06", "acceptedDate": "2023-09-06 16:16:18", "calendarYear": "2023", "period": "Q3", "revenue": 8876000000, "costOfRevenue": 2712000000, "grossProfit": 6164000000, "grossProfitRatio": 0.6944569626, "researchAndDevelopmentExpenses": 1358000000, "generalAndAdministrativeExpenses": 388000000, "sellingAndMarketingExpenses": 0, "sellingGeneralAndAdministrativeExpenses": 388000000, "otherExpenses": 562000000, "operatingExpenses": 2308000000, "costAndExpenses": 5020000000, "interestIncome": 0, "interestExpense": 406000000, "depreciationAndAmortization": 932000000, "ebitda": 4912000000, "ebitdaratio": 0.5534024335, "operatingIncome": 3856000000, "operatingIncomeRatio": 0.4344299234, "totalOtherIncomeExpensesNet": -282000000, "incomeBeforeTax": 3574000000, "incomeBeforeTaxRatio": 0.4026588553, "incomeTaxExpense": 271000000, "netIncome": 3303000000, "netIncomeRatio": 0.3721270843, "eps": 0.8, "epsdiluted": 0.77, "weightedAverageShsOut": 4130000000, "weightedAverageShsOutDil": 4270000000, "link": "https://www.sec.gov/Archives/edgar/data/1730168/000173016823000077/0001730168-23-000077-index.htm", "finalLink": "https://www.sec.gov/Archives/edgar/data/1730168/000173016823000077/avgo-20230730.htm"}, {"date": "2023-04-30", "symbol": "AVGO", "reportedCurrency": "USD", "cik": "0001730168", "fillingDate": "2023-06-07", "acceptedDate": "2023-06-07 16:22:00", "calendarYear": "2023", "period": "Q2", "revenue": 8733000000, "costOfRevenue": 2618000000, "grossProfit": 6115000000, "grossProfitRatio": 0.7002175656, "researchAndDevelopmentExpenses": 1312000000, "generalAndAdministrativeExpenses": 438000000, "sellingAndMarketingExpenses": 0, "sellingGeneralAndAdministrativeExpenses": 438000000, "otherExpenses": 348000000, "operatingExpenses": 2098000000, "costAndExpenses": 4716000000, "interestIncome": 0, "interestExpense": 405000000, "depreciationAndAmortization": 939000000, "ebitda": 5060000000, "ebitdaratio": 0.5794114279, "operatingIncome": 4008000000, "operatingIncomeRatio": 0.4589488148, "totalOtherIncomeExpensesNet": -292000000, "incomeBeforeTax": 3716000000, "incomeBeforeTaxRatio": 0.4255124241, "incomeTaxExpense": 235000000, "netIncome": 3481000000, "netIncomeRatio": 0.3986030001, "eps": 0.84, "epsdiluted": 0.82, "weightedAverageShsOut": 4150000000, "weightedAverageShsOutDil": 4270000000, "link": "https://www.sec.gov/Archives/edgar/data/1730168/000173016823000064/0001730168-23-000064-index.htm", "finalLink": "https://www.sec.gov/Archives/edgar/data/1730168/000173016823000064/avgo-20230430.htm"}, {"date": "2023-01-29", "symbol": "AVGO", "reportedCurrency": "USD", "cik": "0001730168", "fillingDate": "2023-03-08", "acceptedDate": "2023-03-08 16:10:18", "calendarYear": "2023", "period": "Q1", "revenue": 8915000000, "costOfRevenue": 2911000000, "grossProfit": 6004000000, "grossProfitRatio": 0.6734716769, "researchAndDevelopmentExpenses": 1195000000, "generalAndAdministrativeExpenses": 348000000, "sellingAndMarketingExpenses": 0, "sellingGeneralAndAdministrativeExpenses": 348000000, "otherExpenses": 358000000, "operatingExpenses": 1901000000, "costAndExpenses": 4812000000, "interestIncome": 0, "interestExpense": 406000000, "depreciationAndAmortization": 1032000000, "ebitda": 5278000000, "ebitdaratio": 0.5920358946, "operatingIncome": 4103000000, "operatingIncomeRatio": 0.460235558, "totalOtherIncomeExpensesNet": -263000000, "incomeBeforeTax": 3840000000, "incomeBeforeTaxRatio": 0.4307347168, "incomeTaxExpense": 66000000, "netIncome": 3774000000, "netIncomeRatio": 0.4233314638, "eps": 0.9, "epsdiluted": 0.88, "weightedAverageShsOut": 4180000000, "weightedAverageShsOutDil": 4290000000, "link": "https://www.sec.gov/Archives/edgar/data/1730168/000173016823000008/0001730168-23-000008-index.htm", "finalLink": "https://www.sec.gov/Archives/edgar/data/1730168/000173016823000008/avgo-20230129.htm"}, {"date": "2022-10-30", "symbol": "AVGO", "reportedCurrency": "USD", "cik": "0001730168", "fillingDate": "2022-12-16", "acceptedDate": "2022-12-16 16:21:52", "calendarYear": "2022", "period": "Q4", "revenue": 8930000000, "costOfRevenue": 3004000000, "grossProfit": 5926000000, "grossProfitRatio": 0.6636058231, "researchAndDevelopmentExpenses": 1197000000, "generalAndAdministrativeExpenses": 370000000, "sellingAndMarketingExpenses": 0, "sellingGeneralAndAdministrativeExpenses": 370000000, "otherExpenses": 358000000, "operatingExpenses": 1925000000, "costAndExpenses": 4929000000, "interestIncome": 0, "interestExpense": 406000000, "depreciationAndAmortization": 1216000000, "ebitda": 5242000000, "ebitdaratio": 0.5870100784, "operatingIncome": 3986000000, "operatingIncomeRatio": 0.4463605823, "totalOtherIncomeExpensesNet": -366000000, "incomeBeforeTax": 3620000000, "incomeBeforeTaxRatio": 0.40537514, "incomeTaxExpense": 261000000, "netIncome": 3359000000, "netIncomeRatio": 0.3761478163, "eps": 0.81, "epsdiluted": 0.77, "weightedAverageShsOut": 4110000000, "weightedAverageShsOutDil": 4290000000, "link": "https://www.sec.gov/Archives/edgar/data/1730168/000173016822000118/0001730168-22-000118-index.htm", "finalLink": "https://www.sec.gov/Archives/edgar/data/1730168/000173016822000118/avgo-20221030.htm"}, {"date": "2022-07-31", "symbol": "AVGO", "reportedCurrency": "USD", "cik": "0001730168", "fillingDate": "2022-07-31", "acceptedDate": "2022-07-31 00:00:00", "calendarYear": "2022", "period": "Q3", "revenue": 8464000000, "costOfRevenue": 2783000000, "grossProfit": 5681000000, "grossProfitRatio": 0.6711956522, "researchAndDevelopmentExpenses": 1255000000, "generalAndAdministrativeExpenses": 323000000, "sellingAndMarketingExpenses": 0, "sellingGeneralAndAdministrativeExpenses": 323000000, "otherExpenses": 359000000, "operatingExpenses": 1937000000, "costAndExpenses": 4720000000, "interestIncome": 0, "interestExpense": 406000000, "depreciationAndAmortization": 1217000000, "ebitda": 4960000000, "ebitdaratio": 0.5860113422, "operatingIncome": 3737000000, "operatingIncomeRatio": 0.4415170132, "totalOtherIncomeExpensesNet": -400000000, "incomeBeforeTax": 3337000000, "incomeBeforeTaxRatio": 0.394258034, "incomeTaxExpense": 263000000, "netIncome": 3074000000, "netIncomeRatio": 0.3631852552, "eps": 0.74, "epsdiluted": 0.7, "weightedAverageShsOut": 4060150000, "weightedAverageShsOutDil": 4310777000, "link": null, "finalLink": null}, {"date": "2022-05-01", "symbol": "AVGO", "reportedCurrency": "USD", "cik": "0001730168", "fillingDate": "2022-06-09", "acceptedDate": "2022-06-09 16:12:03", "calendarYear": "2022", "period": "Q2", "revenue": 8103000000, "costOfRevenue": 2664000000, "grossProfit": 5439000000, "grossProfitRatio": 0.6712328767, "researchAndDevelopmentExpenses": 1261000000, "generalAndAdministrativeExpenses": 368000000, "sellingAndMarketingExpenses": 0, "sellingGeneralAndAdministrativeExpenses": 368000000, "otherExpenses": 398000000, "operatingExpenses": 2027000000, "costAndExpenses": 4691000000, "interestIncome": 0, "interestExpense": 518000000, "depreciationAndAmortization": 1264000000, "ebitda": 4572000000, "ebitdaratio": 0.5642354683, "operatingIncome": 3413000000, "operatingIncomeRatio": 0.4212020239, "totalOtherIncomeExpensesNet": -623000000, "incomeBeforeTax": 2790000000, "incomeBeforeTaxRatio": 0.3443169197, "incomeTaxExpense": 200000000, "netIncome": 2590000000, "netIncomeRatio": 0.3196347032, "eps": 0.62, "epsdiluted": 0.59, "weightedAverageShsOut": 4090225000, "weightedAverageShsOutDil": 4250626000, "link": "https://www.sec.gov/Archives/edgar/data/1730168/000173016822000081/0001730168-22-000081-index.htm", "finalLink": "https://www.sec.gov/Archives/edgar/data/1730168/000173016822000081/avgo-20220501.htm"}, {"date": "2022-01-30", "symbol": "AVGO", "reportedCurrency": "USD", "cik": "0001730168", "fillingDate": "2022-03-10", "acceptedDate": "2022-03-10 16:31:23", "calendarYear": "2022", "period": "Q1", "revenue": 7706000000, "costOfRevenue": 2657000000, "grossProfit": 5049000000, "grossProfitRatio": 0.6552037373, "researchAndDevelopmentExpenses": 1206000000, "generalAndAdministrativeExpenses": 321000000, "sellingAndMarketingExpenses": 0, "sellingGeneralAndAdministrativeExpenses": 321000000, "otherExpenses": 397000000, "operatingExpenses": 1924000000, "costAndExpenses": 4581000000, "interestIncome": 0, "interestExpense": 407000000, "depreciationAndAmortization": 1287000000, "ebitda": 4381000000, "ebitdaratio": 0.5685180379, "operatingIncome": 3127000000, "operatingIncomeRatio": 0.4057876979, "totalOtherIncomeExpensesNet": -440000000, "incomeBeforeTax": 2687000000, "incomeBeforeTaxRatio": 0.348689333, "incomeTaxExpense": 215000000, "netIncome": 2472000000, "netIncomeRatio": 0.3207889956, "eps": 0.58, "epsdiluted": 0.56, "weightedAverageShsOut": 4120000000, "weightedAverageShsOutDil": 4290000000, "link": "https://www.sec.gov/Archives/edgar/data/1730168/000173016822000029/0001730168-22-000029-index.htm", "finalLink": "https://www.sec.gov/Archives/edgar/data/1730168/000173016822000029/avgo-20220130.htm"}, {"date": "2021-10-31", "symbol": "AVGO", "reportedCurrency": "USD", "cik": "0001730168", "fillingDate": "2021-12-17", "acceptedDate": "2021-12-17 16:42:51", "calendarYear": "2021", "period": "Q4", "revenue": 7407000000, "costOfRevenue": 2769000000, "grossProfit": 4638000000, "grossProfitRatio": 0.626164439, "researchAndDevelopmentExpenses": 1200000000, "generalAndAdministrativeExpenses": 337000000, "sellingAndMarketingExpenses": 0, "sellingGeneralAndAdministrativeExpenses": 337000000, "otherExpenses": 520000000, "operatingExpenses": 2057000000, "costAndExpenses": 4826000000, "interestIncome": 0, "interestExpense": 411000000, "depreciationAndAmortization": 1501000000, "ebitda": 4104000000, "ebitdaratio": 0.5540704739, "operatingIncome": 2581000000, "operatingIncomeRatio": 0.348454165, "totalOtherIncomeExpensesNet": -412000000, "incomeBeforeTax": 2169000000, "incomeBeforeTaxRatio": 0.2928311057, "incomeTaxExpense": 180000000, "netIncome": 1989000000, "netIncomeRatio": 0.2685297691, "eps": 0.46, "epsdiluted": 0.45, "weightedAverageShsOut": 4130326000, "weightedAverageShsOutDil": 4310777000, "link": "https://www.sec.gov/Archives/edgar/data/1730168/000173016821000153/0001730168-21-000153-index.htm", "finalLink": "https://www.sec.gov/Archives/edgar/data/1730168/000173016821000153/avgo-20211031.htm"}, {"date": "2021-08-01", "symbol": "AVGO", "reportedCurrency": "USD", "cik": "0001730168", "fillingDate": "2021-09-09", "acceptedDate": "2021-09-09 16:19:53", "calendarYear": "2021", "period": "Q3", "revenue": 6778000000, "costOfRevenue": 2581000000, "grossProfit": 4197000000, "grossProfitRatio": 0.6192092063, "researchAndDevelopmentExpenses": 1205000000, "generalAndAdministrativeExpenses": 346000000, "sellingAndMarketingExpenses": 0, "sellingGeneralAndAdministrativeExpenses": 346000000, "otherExpenses": 520000000, "operatingExpenses": 2071000000, "costAndExpenses": 4652000000, "interestIncome": 0, "interestExpense": 415000000, "depreciationAndAmortization": 1503000000, "ebitda": 3644000000, "ebitdaratio": 0.5376217173, "operatingIncome": 2126000000, "operatingIncomeRatio": 0.3136618472, "totalOtherIncomeExpensesNet": -400000000, "incomeBeforeTax": 1726000000, "incomeBeforeTaxRatio": 0.2546473886, "incomeTaxExpense": -150000000, "netIncome": 1876000000, "netIncomeRatio": 0.2767778106, "eps": 0.44, "epsdiluted": 0.42, "weightedAverageShsOut": 4120301000, "weightedAverageShsOutDil": 4300752000, "link": "https://www.sec.gov/Archives/edgar/data/1730168/000173016821000123/0001730168-21-000123-index.htm", "finalLink": "https://www.sec.gov/Archives/edgar/data/1730168/000173016821000123/avgo-20210801.htm"}, {"date": "2021-05-02", "symbol": "AVGO", "reportedCurrency": "USD", "cik": "0001730168", "fillingDate": "2021-06-11", "acceptedDate": "2021-06-11 15:22:26", "calendarYear": "2021", "period": "Q2", "revenue": 6610000000, "costOfRevenue": 2553000000, "grossProfit": 4057000000, "grossProfitRatio": 0.6137670197, "researchAndDevelopmentExpenses": 1238000000, "generalAndAdministrativeExpenses": 325000000, "sellingAndMarketingExpenses": 0, "sellingGeneralAndAdministrativeExpenses": 325000000, "otherExpenses": 519000000, "operatingExpenses": 2082000000, "costAndExpenses": 4635000000, "interestIncome": 0, "interestExpense": 466000000, "depreciationAndAmortization": 1504000000, "ebitda": 3456000000, "ebitdaratio": 0.5228441755, "operatingIncome": 1975000000, "operatingIncomeRatio": 0.2987897126, "totalOtherIncomeExpensesNet": -489000000, "incomeBeforeTax": 1486000000, "incomeBeforeTaxRatio": 0.2248108926, "incomeTaxExpense": -7000000, "netIncome": 1493000000, "netIncomeRatio": 0.2258698941, "eps": 0.35, "epsdiluted": 0.33, "weightedAverageShsOut": 4100251000, "weightedAverageShsOutDil": 4300752000, "link": "https://www.sec.gov/Archives/edgar/data/1730168/000173016821000116/0001730168-21-000116-index.htm", "finalLink": "https://www.sec.gov/Archives/edgar/data/1730168/000173016821000116/avgo-20210502.htm"}, {"date": "2021-01-31", "symbol": "AVGO", "reportedCurrency": "USD", "cik": "0001730168", "fillingDate": "2021-03-12", "acceptedDate": "2021-03-12 16:37:52", "calendarYear": "2021", "period": "Q1", "revenue": 6655000000, "costOfRevenue": 2703000000, "grossProfit": 3952000000, "grossProfitRatio": 0.5938392186, "researchAndDevelopmentExpenses": 1211000000, "generalAndAdministrativeExpenses": 339000000, "sellingAndMarketingExpenses": 0, "sellingGeneralAndAdministrativeExpenses": 339000000, "otherExpenses": 565000000, "operatingExpenses": 2115000000, "costAndExpenses": 4818000000, "interestIncome": 0, "interestExpense": 570000000, "depreciationAndAmortization": 1533000000, "ebitda": 3487000000, "ebitdaratio": 0.5239669421, "operatingIncome": 1837000000, "operatingIncomeRatio": 0.2760330579, "totalOtherIncomeExpensesNet": -453000000, "incomeBeforeTax": 1384000000, "incomeBeforeTaxRatio": 0.2079639369, "incomeTaxExpense": 6000000, "netIncome": 1378000000, "netIncomeRatio": 0.2070623591, "eps": 0.32, "epsdiluted": 0.3, "weightedAverageShsOut": 4080200000, "weightedAverageShsOutDil": 4290727000, "link": "https://www.sec.gov/Archives/edgar/data/1730168/000173016821000045/0001730168-21-000045-index.htm", "finalLink": "https://www.sec.gov/Archives/edgar/data/1730168/000173016821000045/avgo-20210131.htm"}]