[{"date": "2015-09-30", "symbol": "BRCM", "reportedCurrency": "USD", "cik": "0001054374", "fillingDate": "2015-10-26", "acceptedDate": "2015-10-26 16:17:21", "calendarYear": "2015", "period": "Q3", "revenue": 2187000000, "costOfRevenue": 1015000000, "grossProfit": 1172000000, "grossProfitRatio": 0.5358939186, "researchAndDevelopmentExpenses": 542000000, "generalAndAdministrativeExpenses": 177000000, "sellingAndMarketingExpenses": 17000000, "sellingGeneralAndAdministrativeExpenses": 194000000, "otherExpenses": 0, "operatingExpenses": 736000000, "costAndExpenses": 1751000000, "interestIncome": 0, "interestExpense": 1000000, "depreciationAndAmortization": 72000000, "ebitda": 514000000, "ebitdaratio": 0.2350251486, "operatingIncome": 442000000, "operatingIncomeRatio": 0.2021033379, "totalOtherIncomeExpensesNet": -1000000, "incomeBeforeTax": 441000000, "incomeBeforeTaxRatio": 0.2016460905, "incomeTaxExpense": 12000000, "netIncome": 429000000, "netIncomeRatio": 0.1961591221, "eps": 0.71, "epsdiluted": 0.7, "weightedAverageShsOut": 603000000, "weightedAverageShsOutDil": 616000000, "link": "https://www.sec.gov/Archives/edgar/data/1054374/000105437415000124/0001054374-15-000124-index.html", "finalLink": "https://www.sec.gov/Archives/edgar/data/1054374/000105437415000124/a20150930-10q.htm"}, {"date": "2015-06-30", "symbol": "BRCM", "reportedCurrency": "USD", "cik": "0001054374", "fillingDate": "2015-07-30", "acceptedDate": "2015-07-30 16:31:34", "calendarYear": "2015", "period": "Q2", "revenue": 2096000000, "costOfRevenue": 939000000, "grossProfit": 1157000000, "grossProfitRatio": 0.5520038168, "researchAndDevelopmentExpenses": 538000000, "generalAndAdministrativeExpenses": 188000000, "sellingAndMarketingExpenses": 29000000, "sellingGeneralAndAdministrativeExpenses": 217000000, "otherExpenses": 0, "operatingExpenses": 755000000, "costAndExpenses": 1694000000, "interestIncome": 0, "interestExpense": 3000000, "depreciationAndAmortization": 76000000, "ebitda": 473000000, "ebitdaratio": 0.2256679389, "operatingIncome": 397000000, "operatingIncomeRatio": 0.1894083969, "totalOtherIncomeExpensesNet": -3000000, "incomeBeforeTax": 394000000, "incomeBeforeTaxRatio": 0.1879770992, "incomeTaxExpense": 8000000, "netIncome": 386000000, "netIncomeRatio": 0.1841603053, "eps": 0.64, "epsdiluted": 0.63, "weightedAverageShsOut": 601000000, "weightedAverageShsOutDil": 614000000, "link": "https://www.sec.gov/Archives/edgar/data/1054374/000105437415000104/0001054374-15-000104-index.html", "finalLink": "https://www.sec.gov/Archives/edgar/data/1054374/000105437415000104/a20150630-10q.htm"}, {"date": "2015-03-31", "symbol": "BRCM", "reportedCurrency": "USD", "cik": "0001054374", "fillingDate": "2015-04-21", "acceptedDate": "2015-04-21 17:00:32", "calendarYear": "2015", "period": "Q1", "revenue": 2058000000, "costOfRevenue": 972000000, "grossProfit": 1086000000, "grossProfitRatio": 0.527696793, "researchAndDevelopmentExpenses": 539000000, "generalAndAdministrativeExpenses": 177000000, "sellingAndMarketingExpenses": 147000000, "sellingGeneralAndAdministrativeExpenses": 324000000, "otherExpenses": 0, "operatingExpenses": 863000000, "costAndExpenses": 1835000000, "interestIncome": 0, "interestExpense": 5000000, "depreciationAndAmortization": 76000000, "ebitda": 299000000, "ebitdaratio": 0.1452866861, "operatingIncome": 223000000, "operatingIncomeRatio": 0.1083576288, "totalOtherIncomeExpensesNet": -5000000, "incomeBeforeTax": 218000000, "incomeBeforeTaxRatio": 0.1059280855, "incomeTaxExpense": 9000000, "netIncome": 209000000, "netIncomeRatio": 0.1015549077, "eps": 0.35, "epsdiluted": 0.34, "weightedAverageShsOut": 600000000, "weightedAverageShsOutDil": 613000000, "link": "https://www.sec.gov/Archives/edgar/data/1054374/000105437415000062/0001054374-15-000062-index.html", "finalLink": "https://www.sec.gov/Archives/edgar/data/1054374/000105437415000062/a20150331-10q.htm"}, {"date": "2014-12-31", "symbol": "BRCM", "reportedCurrency": "USD", "cik": "0001054374", "fillingDate": "2015-01-29", "acceptedDate": "2015-01-29 17:02:54", "calendarYear": "2014", "period": "Q4", "revenue": 2143000000, "costOfRevenue": 1012000000, "grossProfit": 1131000000, "grossProfitRatio": 0.5277648157, "researchAndDevelopmentExpenses": 530000000, "generalAndAdministrativeExpenses": 173000000, "sellingAndMarketingExpenses": 181000000, "sellingGeneralAndAdministrativeExpenses": 354000000, "otherExpenses": 0, "operatingExpenses": 884000000, "costAndExpenses": 1744000000, "interestIncome": 0, "interestExpense": 9000000, "depreciationAndAmortization": 82000000, "ebitda": 486000000, "ebitdaratio": 0.226784881, "operatingIncome": 404000000, "operatingIncomeRatio": 0.1885207653, "totalOtherIncomeExpensesNet": -9000000, "incomeBeforeTax": 395000000, "incomeBeforeTaxRatio": 0.1843210453, "incomeTaxExpense": 5000000, "netIncome": 390000000, "netIncomeRatio": 0.1819878675, "eps": 0.66, "epsdiluted": 0.65, "weightedAverageShsOut": 590000000, "weightedAverageShsOutDil": 601000000, "link": "https://www.sec.gov/Archives/edgar/data/1054374/000105437415000012/0001054374-15-000012-index.htm", "finalLink": "https://www.sec.gov/Archives/edgar/data/1054374/000105437415000012/a20141231-10k.htm"}, {"date": "2014-09-30", "symbol": "BRCM", "reportedCurrency": "USD", "cik": "0001054374", "fillingDate": "2014-10-21", "acceptedDate": "2014-10-21 17:20:12", "calendarYear": "2014", "period": "Q3", "revenue": 2260000000, "costOfRevenue": 1077000000, "grossProfit": 1183000000, "grossProfitRatio": 0.5234513274, "researchAndDevelopmentExpenses": 573000000, "generalAndAdministrativeExpenses": 176000000, "sellingAndMarketingExpenses": 115000000, "sellingGeneralAndAdministrativeExpenses": 291000000, "otherExpenses": 0, "operatingExpenses": 864000000, "costAndExpenses": 2149000000, "interestIncome": 0, "interestExpense": 17000000, "depreciationAndAmortization": 96000000, "ebitda": 216000000, "ebitdaratio": 0.0955752212, "operatingIncome": 120000000, "operatingIncomeRatio": 0.0530973451, "totalOtherIncomeExpensesNet": -17000000, "incomeBeforeTax": 103000000, "incomeBeforeTaxRatio": 0.0455752212, "incomeTaxExpense": 5000000, "netIncome": 98000000, "netIncomeRatio": 0.0433628319, "eps": 0.17, "epsdiluted": 0.16, "weightedAverageShsOut": 587000000, "weightedAverageShsOutDil": 598000000, "link": "https://www.sec.gov/Archives/edgar/data/1054374/000105437414000153/0001054374-14-000153-index.html", "finalLink": "https://www.sec.gov/Archives/edgar/data/1054374/000105437414000153/a20140930-10q.htm"}, {"date": "2014-06-30", "symbol": "BRCM", "reportedCurrency": "USD", "cik": "0001054374", "fillingDate": "2014-07-22", "acceptedDate": "2014-07-22 17:02:44", "calendarYear": "2014", "period": "Q2", "revenue": 2041000000, "costOfRevenue": 1005000000, "grossProfit": 1036000000, "grossProfitRatio": 0.5075943165, "researchAndDevelopmentExpenses": 634000000, "generalAndAdministrativeExpenses": 182000000, "sellingAndMarketingExpenses": 242000000, "sellingGeneralAndAdministrativeExpenses": 424000000, "otherExpenses": 0, "operatingExpenses": 1058000000, "costAndExpenses": 2027000000, "interestIncome": 0, "interestExpense": 5000000, "depreciationAndAmortization": 103000000, "ebitda": 109000000, "ebitdaratio": 0.0534051935, "operatingIncome": 6000000, "operatingIncomeRatio": 0.0029397354, "totalOtherIncomeExpensesNet": -5000000, "incomeBeforeTax": 1000000, "incomeBeforeTaxRatio": 0.0004899559, "incomeTaxExpense": 2000000, "netIncome": -1000000, "netIncomeRatio": -0.0004899559, "eps": -0.0017, "epsdiluted": -0.0017, "weightedAverageShsOut": 585000000, "weightedAverageShsOutDil": 593000000, "link": "https://www.sec.gov/Archives/edgar/data/1054374/000105437414000106/0001054374-14-000106-index.html", "finalLink": "https://www.sec.gov/Archives/edgar/data/1054374/000105437414000106/a20140630-10q.htm"}, {"date": "2014-03-31", "symbol": "BRCM", "reportedCurrency": "USD", "cik": "0001054374", "fillingDate": "2014-04-24", "acceptedDate": "2014-04-24 17:15:26", "calendarYear": "2014", "period": "Q1", "revenue": 1984000000, "costOfRevenue": 1004000000, "grossProfit": 980000000, "grossProfitRatio": 0.4939516129, "researchAndDevelopmentExpenses": 636000000, "generalAndAdministrativeExpenses": 185000000, "sellingAndMarketingExpenses": 9000000, "sellingGeneralAndAdministrativeExpenses": 194000000, "otherExpenses": 0, "operatingExpenses": 830000000, "costAndExpenses": 1814000000, "interestIncome": 0, "interestExpense": 5000000, "depreciationAndAmortization": 111000000, "ebitda": 284000000, "ebitdaratio": 0.1431451613, "operatingIncome": 173000000, "operatingIncomeRatio": 0.0871975806, "totalOtherIncomeExpensesNet": -5000000, "incomeBeforeTax": 168000000, "incomeBeforeTaxRatio": 0.0846774194, "incomeTaxExpense": 3000000, "netIncome": 165000000, "netIncomeRatio": 0.0831653226, "eps": 0.28, "epsdiluted": 0.28, "weightedAverageShsOut": 584000000, "weightedAverageShsOutDil": 590000000, "link": "https://www.sec.gov/Archives/edgar/data/1054374/000105437414000055/0001054374-14-000055-index.html", "finalLink": "https://www.sec.gov/Archives/edgar/data/1054374/000105437414000055/a20140331-10q.htm"}, {"date": "2013-12-31", "symbol": "BRCM", "reportedCurrency": "USD", "cik": "0001054374", "fillingDate": "2014-01-30", "acceptedDate": "2014-01-30 17:11:32", "calendarYear": "2013", "period": "Q4", "revenue": 2064000000, "costOfRevenue": 1026000000, "grossProfit": 1038000000, "grossProfitRatio": 0.5029069767, "researchAndDevelopmentExpenses": 643000000, "generalAndAdministrativeExpenses": 172000000, "sellingAndMarketingExpenses": 131000000, "sellingGeneralAndAdministrativeExpenses": 303000000, "otherExpenses": 0, "operatingExpenses": 946000000, "costAndExpenses": 1878000000, "interestIncome": 0, "interestExpense": 6000000, "depreciationAndAmortization": 107000000, "ebitda": 294000000, "ebitdaratio": 0.1424418605, "operatingIncome": 187000000, "operatingIncomeRatio": 0.0906007752, "totalOtherIncomeExpensesNet": -6000000, "incomeBeforeTax": 181000000, "incomeBeforeTaxRatio": 0.0876937984, "incomeTaxExpense": 13000000, "netIncome": 168000000, "netIncomeRatio": 0.0813953488, "eps": 0.29, "epsdiluted": 0.29, "weightedAverageShsOut": 574000000, "weightedAverageShsOutDil": 584000000, "link": "https://www.sec.gov/Archives/edgar/data/1054374/000105437414000012/0001054374-14-000012-index.htm", "finalLink": "https://www.sec.gov/Archives/edgar/data/1054374/000105437414000012/brcm-20131231x10k.htm"}, {"date": "2013-09-30", "symbol": "BRCM", "reportedCurrency": "USD", "cik": "0001054374", "fillingDate": "2013-10-22", "acceptedDate": "2013-10-22 17:15:56", "calendarYear": "2013", "period": "Q3", "revenue": 2146000000, "costOfRevenue": 1044000000, "grossProfit": 1102000000, "grossProfitRatio": 0.5135135135, "researchAndDevelopmentExpenses": 609000000, "generalAndAdministrativeExpenses": 181000000, "sellingAndMarketingExpenses": 168000000, "sellingGeneralAndAdministrativeExpenses": 349000000, "otherExpenses": 0, "operatingExpenses": 958000000, "costAndExpenses": 1810000000, "interestIncome": 0, "interestExpense": 7000000, "depreciationAndAmortization": 100000000, "ebitda": 432000000, "ebitdaratio": 0.201304753, "operatingIncome": 332000000, "operatingIncomeRatio": 0.1547064306, "totalOtherIncomeExpensesNet": -7000000, "incomeBeforeTax": 325000000, "incomeBeforeTaxRatio": 0.151444548, "incomeTaxExpense": 9000000, "netIncome": 316000000, "netIncomeRatio": 0.147250699, "eps": 0.55, "epsdiluted": 0.54, "weightedAverageShsOut": 573000000, "weightedAverageShsOutDil": 585000000, "link": "https://www.sec.gov/Archives/edgar/data/1054374/000105437413000149/0001054374-13-000149-index.html", "finalLink": "https://www.sec.gov/Archives/edgar/data/1054374/000105437413000149/brcm-20130930x10q.htm"}, {"date": "2013-06-30", "symbol": "BRCM", "reportedCurrency": "USD", "cik": "0001054374", "fillingDate": "2013-07-23", "acceptedDate": "2013-07-23 17:16:15", "calendarYear": "2013", "period": "Q2", "revenue": 2090000000, "costOfRevenue": 1030000000, "grossProfit": 1060000000, "grossProfitRatio": 0.5071770335, "researchAndDevelopmentExpenses": 619000000, "generalAndAdministrativeExpenses": 174000000, "sellingAndMarketingExpenses": 3000000, "sellingGeneralAndAdministrativeExpenses": 177000000, "otherExpenses": 0, "operatingExpenses": 796000000, "costAndExpenses": 2338000000, "interestIncome": 0, "interestExpense": 17000000, "depreciationAndAmortization": 97000000, "ebitda": -139000000, "ebitdaratio": -0.066507177, "operatingIncome": -236000000, "operatingIncomeRatio": -0.1129186603, "totalOtherIncomeExpensesNet": -18000000, "incomeBeforeTax": -254000000, "incomeBeforeTaxRatio": -0.1215311005, "incomeTaxExpense": -2000000, "netIncome": -252000000, "netIncomeRatio": -0.1205741627, "eps": -0.44, "epsdiluted": -0.44, "weightedAverageShsOut": 574000000, "weightedAverageShsOutDil": 574000000, "link": "https://www.sec.gov/Archives/edgar/data/1054374/000105437413000123/0001054374-13-000123-index.html", "finalLink": "https://www.sec.gov/Archives/edgar/data/1054374/000105437413000123/brcm-20130630x10q.htm"}, {"date": "2013-03-31", "symbol": "BRCM", "reportedCurrency": "USD", "cik": "0001054374", "fillingDate": "2013-04-24", "acceptedDate": "2013-04-23 17:46:41", "calendarYear": "2013", "period": "Q1", "revenue": 2005000000, "costOfRevenue": 988000000, "grossProfit": 1017000000, "grossProfitRatio": 0.5072319202, "researchAndDevelopmentExpenses": 615000000, "generalAndAdministrativeExpenses": 179000000, "sellingAndMarketingExpenses": 273000000, "sellingGeneralAndAdministrativeExpenses": 452000000, "otherExpenses": 0, "operatingExpenses": 1067000000, "costAndExpenses": 1807000000, "interestIncome": 0, "interestExpense": 0, "depreciationAndAmortization": 97000000, "ebitda": 290000000, "ebitdaratio": 0.144638404, "operatingIncome": 193000000, "operatingIncomeRatio": 0.0962593516, "totalOtherIncomeExpensesNet": 0, "incomeBeforeTax": 193000000, "incomeBeforeTaxRatio": 0.0962593516, "incomeTaxExpense": 2000000, "netIncome": 191000000, "netIncomeRatio": 0.0952618454, "eps": 0.34, "epsdiluted": 0.33, "weightedAverageShsOut": 570000000, "weightedAverageShsOutDil": 585000000, "link": "https://www.sec.gov/Archives/edgar/data/1054374/000105437413000072/0001054374-13-000072-index.html", "finalLink": "https://www.sec.gov/Archives/edgar/data/1054374/000105437413000072/brcm-20130331x10q.htm"}, {"date": "2012-12-31", "symbol": "BRCM", "reportedCurrency": "USD", "cik": "0001054374", "fillingDate": "2013-01-30", "acceptedDate": "2013-01-30 16:26:20", "calendarYear": "2012", "period": "Q4", "revenue": 2080000000, "costOfRevenue": 1025000000, "grossProfit": 1055000000, "grossProfitRatio": 0.5072115385, "researchAndDevelopmentExpenses": 590000000, "generalAndAdministrativeExpenses": 172000000, "sellingAndMarketingExpenses": 134000000, "sellingGeneralAndAdministrativeExpenses": 306000000, "otherExpenses": 0, "operatingExpenses": 896000000, "costAndExpenses": 1817000000, "interestIncome": 0, "interestExpense": 0, "depreciationAndAmortization": 120000000, "ebitda": 370000000, "ebitdaratio": 0.1778846154, "operatingIncome": 250000000, "operatingIncomeRatio": 0.1201923077, "totalOtherIncomeExpensesNet": 0, "incomeBeforeTax": 250000000, "incomeBeforeTaxRatio": 0.1201923077, "incomeTaxExpense": -1000000, "netIncome": 251000000, "netIncomeRatio": 0.1206730769, "eps": 0.45, "epsdiluted": 0.44, "weightedAverageShsOut": 558000000, "weightedAverageShsOutDil": 576000000, "link": "https://www.sec.gov/Archives/edgar/data/1054374/000105437413000018/0001054374-13-000018-index.html", "finalLink": "https://www.sec.gov/Archives/edgar/data/1054374/000105437413000018/brcm-20121231x10k.htm"}, {"date": "2012-09-30", "symbol": "BRCM", "reportedCurrency": "USD", "cik": "0001054374", "fillingDate": "2012-10-23", "acceptedDate": "2012-10-23 16:59:18", "calendarYear": "2012", "period": "Q3", "revenue": 5926000000, "costOfRevenue": 3002000000, "grossProfit": 2924000000, "grossProfitRatio": 0.4934188323, "researchAndDevelopmentExpenses": 1728000000, "generalAndAdministrativeExpenses": 524000000, "sellingAndMarketingExpenses": 471000000, "sellingGeneralAndAdministrativeExpenses": 995000000, "otherExpenses": 0, "operatingExpenses": 2723000000, "costAndExpenses": 5513000000, "interestIncome": 0, "interestExpense": 53000000, "depreciationAndAmortization": 325000000, "ebitda": 784000000, "ebitdaratio": 0.1322983463, "operatingIncome": 459000000, "operatingIncomeRatio": 0.0774552818, "totalOtherIncomeExpensesNet": -53000000, "incomeBeforeTax": 406000000, "incomeBeforeTaxRatio": 0.0685116436, "incomeTaxExpense": -9000000, "netIncome": 415000000, "netIncomeRatio": 0.0700303746, "eps": 0.75, "epsdiluted": 0.72, "weightedAverageShsOut": 555000000, "weightedAverageShsOutDil": 574000000, "link": "https://www.sec.gov/Archives/edgar/data/1054374/000105437412000021/0001054374-12-000021-index.htm", "finalLink": "https://www.sec.gov/Archives/edgar/data/1054374/000105437412000021/brcm-2012930x10q.htm"}, {"date": "2012-06-30", "symbol": "BRCM", "reportedCurrency": "USD", "cik": "0001054374", "fillingDate": "2012-07-24", "acceptedDate": "2012-07-24 16:48:17", "calendarYear": "2012", "period": "Q2", "revenue": 1971000000, "costOfRevenue": 1021000000, "grossProfit": 950000000, "grossProfitRatio": 0.4819888382, "researchAndDevelopmentExpenses": 582000000, "generalAndAdministrativeExpenses": 171000000, "sellingAndMarketingExpenses": 1066000000, "sellingGeneralAndAdministrativeExpenses": 1237000000, "otherExpenses": 0, "operatingExpenses": 1819000000, "costAndExpenses": 2840000000, "interestIncome": 0, "interestExpense": 0, "depreciationAndAmortization": 29000000, "ebitda": 181000000, "ebitdaratio": 0.0918315576, "operatingIncome": 152000000, "operatingIncomeRatio": 0.0771182141, "totalOtherIncomeExpensesNet": 0, "incomeBeforeTax": 152000000, "incomeBeforeTaxRatio": 0.0771182141, "incomeTaxExpense": -8000000, "netIncome": 160000000, "netIncomeRatio": 0.0811770675, "eps": 0.29, "epsdiluted": 0.28, "weightedAverageShsOut": 555000000, "weightedAverageShsOutDil": 574000000, "link": "https://www.sec.gov/Archives/edgar/data/1054374/000119312512312411/0001193125-12-312411-index.html", "finalLink": "https://www.sec.gov/Archives/edgar/data/1054374/000119312512312411/d358498d10q.htm"}, {"date": "2012-03-31", "symbol": "BRCM", "reportedCurrency": "USD", "cik": "0001054374", "fillingDate": "2012-05-01", "acceptedDate": "2012-05-01 16:52:20", "calendarYear": "2012", "period": "Q1", "revenue": 1827000000, "costOfRevenue": 918000000, "grossProfit": 909000000, "grossProfitRatio": 0.4975369458, "researchAndDevelopmentExpenses": 546000000, "generalAndAdministrativeExpenses": 179000000, "sellingAndMarketingExpenses": 1052000000, "sellingGeneralAndAdministrativeExpenses": 1231000000, "otherExpenses": 0, "operatingExpenses": 1777000000, "costAndExpenses": 2695000000, "interestIncome": 0, "interestExpense": 0, "depreciationAndAmortization": 28000000, "ebitda": 71000000, "ebitdaratio": 0.0388615216, "operatingIncome": 43000000, "operatingIncomeRatio": 0.0235358511, "totalOtherIncomeExpensesNet": 0, "incomeBeforeTax": 43000000, "incomeBeforeTaxRatio": 0.0235358511, "incomeTaxExpense": -45000000, "netIncome": 88000000, "netIncomeRatio": 0.048166393, "eps": 0.16, "epsdiluted": 0.15, "weightedAverageShsOut": 555000000, "weightedAverageShsOutDil": 574000000, "link": "https://www.sec.gov/Archives/edgar/data/1054374/000119312512201117/0001193125-12-201117-index.htm", "finalLink": "https://www.sec.gov/Archives/edgar/data/1054374/000119312512201117/d307502d10q.htm"}, {"date": "2011-12-31", "symbol": "BRCM", "reportedCurrency": "USD", "cik": "0001054374", "fillingDate": "2012-02-01", "acceptedDate": "2012-02-01 06:30:36", "calendarYear": "2011", "period": "Q4", "revenue": 1820000000, "costOfRevenue": 894000000, "grossProfit": 926000000, "grossProfitRatio": 0.5087912088, "researchAndDevelopmentExpenses": 479000000, "generalAndAdministrativeExpenses": 157000000, "sellingAndMarketingExpenses": 905000000, "sellingGeneralAndAdministrativeExpenses": 1062000000, "otherExpenses": 0, "operatingExpenses": 1541000000, "costAndExpenses": 2435000000, "interestIncome": 0, "interestExpense": 0, "depreciationAndAmortization": 29000000, "ebitda": 305000000, "ebitdaratio": 0.1675824176, "operatingIncome": 276000000, "operatingIncomeRatio": 0.1516483516, "totalOtherIncomeExpensesNet": 0, "incomeBeforeTax": 276000000, "incomeBeforeTaxRatio": 0.1516483516, "incomeTaxExpense": 22000000, "netIncome": 254000000, "netIncomeRatio": 0.1395604396, "eps": 0.46, "epsdiluted": 0.44, "weightedAverageShsOut": 555000000, "weightedAverageShsOutDil": 574000000, "link": "https://www.sec.gov/Archives/edgar/data/1054374/000119312512033198/0001193125-12-033198-index.html", "finalLink": "https://www.sec.gov/Archives/edgar/data/1054374/000119312512033198/d257599d10k.htm"}, {"date": "2011-09-30", "symbol": "BRCM", "reportedCurrency": "USD", "cik": "0001054374", "fillingDate": "2011-10-25", "acceptedDate": "2011-10-25 16:45:55", "calendarYear": "2011", "period": "Q3", "revenue": 1957000000, "costOfRevenue": 960000000, "grossProfit": 997000000, "grossProfitRatio": 0.5094532448, "researchAndDevelopmentExpenses": 502000000, "generalAndAdministrativeExpenses": 164000000, "sellingAndMarketingExpenses": 1021000000, "sellingGeneralAndAdministrativeExpenses": 1185000000, "otherExpenses": 0, "operatingExpenses": 1687000000, "costAndExpenses": 2647000000, "interestIncome": 0, "interestExpense": 0, "depreciationAndAmortization": 28000000, "ebitda": 304000000, "ebitdaratio": 0.1553398058, "operatingIncome": 276000000, "operatingIncomeRatio": 0.1410321921, "totalOtherIncomeExpensesNet": 0, "incomeBeforeTax": 276000000, "incomeBeforeTaxRatio": 0.1410321921, "incomeTaxExpense": 6000000, "netIncome": 270000000, "netIncomeRatio": 0.1379662749, "eps": 0.49, "epsdiluted": 0.47, "weightedAverageShsOut": 555000000, "weightedAverageShsOutDil": 574000000, "link": "https://www.sec.gov/Archives/edgar/data/1054374/000095012311091780/0000950123-11-091780-index.html", "finalLink": "https://www.sec.gov/Archives/edgar/data/1054374/000095012311091780/a60014e10vq.htm"}, {"date": "2011-06-30", "symbol": "BRCM", "reportedCurrency": "USD", "cik": "0001054374", "fillingDate": "2011-07-25", "acceptedDate": "2011-07-25 16:38:27", "calendarYear": "2011", "period": "Q2", "revenue": 1796000000, "costOfRevenue": 877000000, "grossProfit": 919000000, "grossProfitRatio": 0.5116926503, "researchAndDevelopmentExpenses": 504000000, "generalAndAdministrativeExpenses": 182000000, "sellingAndMarketingExpenses": 939000000, "sellingGeneralAndAdministrativeExpenses": 1121000000, "otherExpenses": 0, "operatingExpenses": 1625000000, "costAndExpenses": 2502000000, "interestIncome": 0, "interestExpense": 0, "depreciationAndAmortization": 28000000, "ebitda": 200000000, "ebitdaratio": 0.1113585746, "operatingIncome": 172000000, "operatingIncomeRatio": 0.0957683742, "totalOtherIncomeExpensesNet": 0, "incomeBeforeTax": 172000000, "incomeBeforeTaxRatio": 0.0957683742, "incomeTaxExpense": -3000000, "netIncome": 175000000, "netIncomeRatio": 0.0974387528, "eps": 0.32, "epsdiluted": 0.3, "weightedAverageShsOut": 555000000, "weightedAverageShsOutDil": 574000000, "link": "https://www.sec.gov/Archives/edgar/data/1054374/000095012311067892/0000950123-11-067892-index.html", "finalLink": "https://www.sec.gov/Archives/edgar/data/1054374/000095012311067892/a59540e10vq.htm"}, {"date": "2011-03-31", "symbol": "BRCM", "reportedCurrency": "USD", "cik": "0001054374", "fillingDate": "2011-04-26", "acceptedDate": "2011-04-26 16:56:00", "calendarYear": "2011", "period": "Q1", "revenue": 1816000000, "costOfRevenue": 895000000, "grossProfit": 921000000, "grossProfitRatio": 0.5071585903, "researchAndDevelopmentExpenses": 498000000, "generalAndAdministrativeExpenses": 179000000, "sellingAndMarketingExpenses": 906000000, "sellingGeneralAndAdministrativeExpenses": 1085000000, "otherExpenses": 0, "operatingExpenses": 1583000000, "costAndExpenses": 2478000000, "interestIncome": 0, "interestExpense": 0, "depreciationAndAmortization": 23000000, "ebitda": 255000000, "ebitdaratio": 0.1404185022, "operatingIncome": 232000000, "operatingIncomeRatio": 0.127753304, "totalOtherIncomeExpensesNet": 0, "incomeBeforeTax": 232000000, "incomeBeforeTaxRatio": 0.127753304, "incomeTaxExpense": 4000000, "netIncome": 228000000, "netIncomeRatio": 0.1255506608, "eps": 0.41, "epsdiluted": 0.4, "weightedAverageShsOut": 555000000, "weightedAverageShsOutDil": 574000000, "link": "https://www.sec.gov/Archives/edgar/data/1054374/000095012311039337/0000950123-11-039337-index.html", "finalLink": "https://www.sec.gov/Archives/edgar/data/1054374/000095012311039337/a58877e10vq.htm"}, {"date": "2010-12-31", "symbol": "BRCM", "reportedCurrency": "USD", "cik": "0001054374", "fillingDate": "2011-02-02", "acceptedDate": "2011-02-02 15:22:23", "calendarYear": "2010", "period": "Q4", "revenue": 1945555000, "costOfRevenue": 955711000, "grossProfit": 989844000, "grossProfitRatio": 0.5087720471, "researchAndDevelopmentExpenses": 472260000, "generalAndAdministrativeExpenses": 168728000, "sellingAndMarketingExpenses": 1036458000, "sellingGeneralAndAdministrativeExpenses": 1205186000, "otherExpenses": 0, "operatingExpenses": 1677446000, "costAndExpenses": 2633157000, "interestIncome": 0, "interestExpense": 0, "depreciationAndAmortization": 20762000, "ebitda": 292610000, "ebitdaratio": 0.1503992434, "operatingIncome": 271848000, "operatingIncomeRatio": 0.1397277384, "totalOtherIncomeExpensesNet": 0, "incomeBeforeTax": 271848000, "incomeBeforeTaxRatio": 0.1397277384, "incomeTaxExpense": 5659000, "netIncome": 266189000, "netIncomeRatio": 0.1368190568, "eps": 0.48, "epsdiluted": 0.46, "weightedAverageShsOut": 555000000, "weightedAverageShsOutDil": 574000000, "link": "https://www.sec.gov/Archives/edgar/data/1054374/000095012311008273/0000950123-11-008273-index.htm", "finalLink": "https://www.sec.gov/Archives/edgar/data/1054374/000095012311008273/a57872e10vk.htm"}]